@book{cheng2000gauge,
  title={Gauge theory of elementary particle physics: Problems and solutions},
  author={Cheng, Ta-Pei and Li, Ling-Fong},
  year={2000},
  publisher={Oxford university press}
}

@book{thomson2013modern,
  title={Modern particle physics},
  author={Thomson, Mark},
  year={2013},
  publisher={Cambridge University Press}
}

@article{wu1957experimental,
  title={Experimental test of parity conservation in beta decay},
  author={Wu, Chien-Shiung and Ambler, Ernest and Hayward, Raymond W and Hoppes, Dale D and Hudson, Ralph Percy},
  journal={Physical review},
  volume={105},
  number={4},
  pages={1413},
  year={1957},
  publisher={APS}
}

@article{lee1956question,
  title={Question of parity conservation in weak interactions},
  author={Lee, Tsung-Dao and Yang, Chen-Ning},
  journal={Physical Review},
  volume={104},
  number={1},
  pages={254},
  year={1956},
  publisher={APS}
}

@book{langacker2017standard,
  title={The standard model and beyond},
  author={Langacker, Paul},
  year={2017},
  publisher={Taylor \& Francis}
}

@book{peskin2018introduction,
  title={An introduction to quantum field theory},
  author={Peskin, Michael E},
  year={2018},
  publisher={CRC press}
}